<?xml version="1.0" encoding="UTF-8"?><collection xmlns="http://www.loc.gov/MARC21/slim"><record><leader>00451nam--2200181-i-4500</leader><controlfield tag="001">000036677</controlfield><controlfield tag="002">20161230</controlfield><controlfield tag="005">20170307084112</controlfield><controlfield tag="008">060222s1000------------r-----000-0-rus-d</controlfield><datafield ind1=" " ind2=" " tag="040"><subfield code="a">IFIN-HH</subfield></datafield><datafield ind1=" " ind2=" " tag="041"><subfield code="a">rus</subfield></datafield><datafield ind1=" " ind2=" " tag="080"><subfield code="a">533.9</subfield></datafield><datafield ind1="1" ind2=" " tag="100"><subfield code="a">Ghinzburg, V. L</subfield></datafield><datafield ind1="1" ind2="0" tag="245"><subfield code="a">Rasprostranenie elektromagnitnih voln v plazme</subfield><subfield code="c">V.L. Ghinzburg</subfield></datafield><datafield ind1=" " ind2=" " tag="260"><subfield code="a">Moskva</subfield><subfield code="b">Nauka</subfield><subfield code="c">1967</subfield></datafield><datafield ind1=" " ind2=" " tag="300"><subfield code="a">683 p</subfield></datafield><datafield ind1=" " ind2=" " tag="852"><subfield code="a">27870</subfield><subfield code="c">533.9</subfield></datafield><datafield ind1=" " ind2=" " tag="CAT"><subfield code="a">SYS</subfield><subfield code="c">20170307</subfield><subfield code="h">084112</subfield></datafield></record></collection>